<record><leader>00000cas a22000007a 4500</leader><controlfield tag="001">27175560</controlfield><controlfield tag="008">921228d18791919wyuwr ne      0    0eng d</controlfield><datafield ind1=" " ind2=" " tag="010"><subfield code="a">sn 92067234 </subfield></datafield><datafield ind1=" " ind2=" " tag="040"><subfield code="a">NVO</subfield><subfield code="b">eng</subfield><subfield code="c">NVO</subfield><subfield code="d">OCLCQ</subfield></datafield><datafield ind1=" " ind2=" " tag="042"><subfield code="a">msc</subfield></datafield><datafield ind1="0" ind2=" " tag="130"><subfield code="a">Carbon County journal (Rawlins, Wyo. : 1879)</subfield></datafield><datafield ind1="1" ind2="0" tag="245"><subfield code="a">Carbon County journal.</subfield></datafield><datafield ind1="1" ind2="3" tag="246"><subfield code="a">Rawlins journal</subfield></datafield><datafield ind1=" " ind2=" " tag="260"><subfield code="a">Rawlins, Wyo. Territory :</subfield><subfield code="b">Rawlins Print. Co.</subfield></datafield><datafield ind1=" " ind2=" " tag="300"><subfield code="a">v.</subfield></datafield><datafield ind1=" " ind2=" " tag="310"><subfield code="a">Weekly</subfield></datafield><datafield ind1="1" ind2=" " tag="362"><subfield code="a">Began in 1879; ceased in 1919.</subfield><subfield code="z">Cf. Homsher, L. Guide to Wyoming newspapers, 1867-1967.</subfield></datafield><datafield ind1=" " ind2=" " tag="515"><subfield code="a">Numbering is irregular.</subfield></datafield><datafield ind1=" " ind2=" " tag="580"><subfield code="a">Triweekly ed.: Carbon County journal, &lt;Dec. 21, 1883&gt;-&lt;Aug. 18, 1884&gt;.</subfield></datafield><datafield ind1=" " ind2=" " tag="588"><subfield code="a">Description based on: Vol. 1, no. 16 (Nov. 8, 1879).</subfield></datafield><datafield ind1=" " ind2="4" tag="651"><subfield code="a">Carbon County (Wyo.)</subfield><subfield code="v">Newspapers.</subfield></datafield><datafield ind1=" " ind2="4" tag="651"><subfield code="a">Rawlins (Wyo.)</subfield><subfield code="v">Newspapers.</subfield></datafield><datafield ind1=" " ind2=" " tag="752"><subfield code="a">United States</subfield><subfield code="b">Wyoming</subfield><subfield code="c">Carbon</subfield><subfield code="d">Rawlins.</subfield></datafield><datafield ind1="1" ind2=" " tag="775"><subfield code="t">Carbon County journal (Rawlins, Wyo. : 1883)</subfield><subfield code="w">(DLC)sn 92067232</subfield></datafield></record>